@book{Platzer10HybridSystems,
  author    = {Andr{\'e} Platzer},
  title     = {Logical Analysis of Hybrid Systems --
               Proving Theorems for Complex Dynamics},
  publisher = {Springer},
  address   = {Heidelberg},
  year      = {2010},
  isbn      = {978-3-642-14508-7},
  doi       = {10.1007/978-3-642-14509-4}
}

@book{Huth04LogicInCS,
  author    = {Michael Huth and Mark Ryan},
  title     = {Logic in Computer Science --
               Modelling and Reasoning About Systems},
  publisher = {Cambridge University Press},
  year      = {2004},
  edition   = {2.},
  isbn      = {0-521-54310-X}
}

@book{smith10IntroDDE,
  author    = {Hal Smith},
  title     = {An Introduction to Delay Differential Equations
               with Applications to the Life Sciences},
  series    = {Texts in Applied Mathematics},
  publisher = {Springer},
  address   = {New York},
  year      = {2010},
  isbn      = {978-1-4419-7646-8},
  doi       = {10.1007/978-1-4419-7646-8}
}

@book{rudin1976principles,
  author    = {Walter Rudin},
  title     = {Principles of Mathematical Analysis},
  series    = {International Series in Pure \& Applied Mathematics},
  publisher = {McGraw-Hill},
  address   = {New York},
  year      = {1976},
  edition   = {3.},
  isbn      = {0-07-054235-X}
}



@misc{gathmanngrundlagen,
  title={Grundlagen der Mathematik, class notes TU Kaiserslautern (2011/12)},
  author={Gathmann, A}
}


@INPROCEEDINGS{platzer2012complete,
  author    = {Andr{\'e} Platzer},
  title     = {The Complete Proof Theory of Hybrid Systems},
  booktitle = {LICS},
  year      = {2012},
  pages     = {541-550},
  doi       = {10.1109/LICS.2012.64},
  longbooktitle = {Proceedings of the 27th Annual ACM/IEEE
               Symposium on Logic in Computer Science, LICS
               2012, Dubrovnik, Croatia, June 25--28, 2012},
  publisher = {IEEE},
  isbn      = {978-1-4673-2263-8},
  keywords  = {proof theory, hybrid dynamical systems,
               differential dynamic logic, axiomatization,
               completeness}
}
